@article{awasthi2020rademacher,
  title={On the rademacher complexity of linear hypothesis sets},
  author={Awasthi, Pranjal and Frank, Natalie and Mohri, Mehryar},
  journal={arXiv preprint arXiv:2007.11045},
  year={2020}
}

@misc{almostsuremathKhintchineInequality,
	author = {},
	title = {{T}he {K}hintchine {I}nequality --- almostsuremath.com},
	howpublished = {\url{https://almostsuremath.com/2020/08/04/the-khintchine-inequality/}},
	year = {},
}