@article{crammer2001algorithmic,
  title={On the algorithmic implementation of multiclass kernel-based vector machines},
  author={Crammer, Koby and Singer, Yoram},
  journal={Journal of machine learning research},
  volume={2},
  number={Dec},
  pages={265--292},
  year={2001}
}

@inproceedings{cortes2013multi,
  title={Multi-class classification with maximum margin multiple kernel},
  author={Cortes, Corinna and Mohri, Mehryar and Rostamizadeh, Afshin},
  booktitle={International Conference on Machine Learning},
  pages={46--54},
  year={2013},
  organization={PMLR}
}